@Misc{hid505SrerWebSite2018,
  author = {The University of Arizona},
  editor = {Dr. Mitch McClaran},
  title = {Santa Rita Experimental Range},
  year = {2018},
  url = {https://cals.arizona.edu/srer/}
}

@Misc{WgewWebSite2018,
  author = {The United States Department of Agriculture},
  title = {Walnut Gulch Experimental Watershed},
  year = {2018},
  url = {https://www.tucson.ars.ag.gov/dap/}
}

@Misc{hid505FacebookGraphQL2018,
  author = {Facebook, Inc},
  title = {GraphQL},
  year = 2018,
  url = https://graphql.org,
}

@Misc{hid505swaggerio2018,
  author = {swagger.io},
  title = {Swagger},
  year = {2018},
  url = {https://swagger.io},
}

@Misc{hid505Docker2018,
  author = {docker.com},
  title = {Docker},
  year = {2018},
  url = {https://www.docker.com},
}

@inproceedings{hid505Vazquez2017,
  title={Improving the OEEU's data-driven technological ecosystem's interoperability with GraphQL},
  author={Andrea V{\'a}zquez-Ingelmo and Juan Cruz-Benito and Francisco J. Garc{\'i}a-Pe{\~n}alvo},
  booktitle={TEEM},
  year={2017},
},

@Misc{AWSEB2018,
  author = {amazon.com},
  title = {AWS Elastic Beanstalk},
  year = {2018},
  url = {https://aws.amazon.com/elasticbeanstalk/},
}

@Misc{Heroku2018,
  autor = {heroku.com},
  title = {Cloud Platform Application Heroku},
  year = {2018},
  url = {https://www.heroku.com}
}

@Misc{RDS2018,
  author = {amazon.com},
  title = {Amazon Relational Database Service},
  year = {2018},
  url = {https://aws.amazon.com/rds/},
}

@Misc{S3Bucket2018,
  author = {amazon.com},
  title = {Amazon S3},
  year = {2018},
  url = {https://aws.amazon.com/s3/},
}